<?xml version="1.0" encoding="UTF-8"?><collection xmlns="http://www.loc.gov/MARC21/slim"><record><leader>00388nam--2200133-i-4500</leader><controlfield tag="001">000046732</controlfield><controlfield tag="002">20161230</controlfield><controlfield tag="005">20161230201046</controlfield><controlfield tag="008">060222s1000------------r-----000-0-eng-d</controlfield><datafield ind1=" " ind2=" " tag="080"><subfield code="a">621.375.2.078:621.38</subfield></datafield><datafield ind1=" " ind2=" " tag="100"><subfield code="a">Wagner, B</subfield></datafield><datafield ind1=" " ind2=" " tag="245"><subfield code="a">Elektronische verstarker, fur industrielle regelungs und steuerungs anlagen</subfield></datafield><datafield ind1=" " ind2=" " tag="260"><subfield code="a">Berlin, Veb Verlag Technik, 1955, 176p.Cu Fig</subfield></datafield><datafield ind1=" " ind2=" " tag="852"><subfield code="a">11198</subfield></datafield></record></collection>